@article{sch,
  title={Earthquake likelihood model testing},
  author={Schorlemmer, D and Gerstenberger, MC and Wiemer, S and Jackson, DD and Rhoades, DA},
  journal={Seismological Research Letters},
  volume={78},
  number={1},
  pages={17--29},
  year={2007},
  publisher={Seismological Society of America}
}

@article{gruppo2004redazione,
  title={Redazione della mappa di pericolosit{\`a} sismica prevista dall’Ordinanza PCM 3274 del 20 marzo 2003},
  author={Gruppo di Lavoro, MPS},
  journal={Rapporto Conclusivo per il Dipartimento della Protezione Civile, INGV, Milano-Roma},
  volume={5},
  year={2004}
}

@article{main1997long,
  title={Long odds on prediction},
  author={Main, Ian},
  journal={Nature},
  volume={385},
  number={6611},
  pages={19--20},
  year={1997},
  publisher={Nature Publishing Group}
}

@article{steacy2014new,
  title={A new hybrid Coulomb/statistical model for forecasting aftershock rates},
  author={Steacy, Sandy and Gerstenberger, Matt and Williams, Charles and Rhoades, David and Christophersen, Annemarie},
  journal={Geophysical Journal International},
  volume={196},
  number={2},
  pages={918--923},
  year={2014},
  publisher={Oxford University Press}
}

@article{bayliss2020data,
  title={Data-Driven Optimization of Seismicity Models Using Diverse Data Sets: Generation, Evaluation, and Ranking Using Inlabru},
  author={Bayliss, Kirsty and Naylor, Mark and Illian, Janine and Main, Ian G},
  journal={Journal of Geophysical Research: Solid Earth},
  volume={125},
  number={11},
  pages={e2020JB020226},
  year={2020},
  publisher={Wiley Online Library}
}

@incollection{rosen1996good,
  title={How good were those probability predictions? The expected recommendation loss (ERL) scoring rule},
  author={Rosen, David B},
  booktitle={Maximum Entropy and Bayesian Methods},
  pages={401--408},
  year={1996},
  publisher={Springer}
}

@article{hernandez2012unified,
  title={A unified view of performance metrics: Translating threshold choice into expected classification loss},
  author={Hern{\'a}ndez-Orallo, Jos{\'e} and Flach, Peter and Ferri Ram{\'\i}rez, C{\'e}sar},
  journal={Journal of Machine Learning Research},
  volume={13},
  pages={2813--2869},
  year={2012},
  publisher={Microtome Publishing}
}

@article{hyvarinen2005estimation,
  title={Estimation of non-normalized statistical models by score matching.},
  author={Hyv{\"a}rinen, Aapo and Dayan, Peter},
  journal={Journal of Machine Learning Research},
  volume={6},
  number={4},
  year={2005}
}

@article{schor2007relm,
  title={RELM testing center},
  author={Schorlemmer, Danijel and Gerstenberger, MC},
  journal={Seismological Research Letters},
  volume={78},
  number={1},
  pages={30--36},
  year={2007},
  publisher={Seismological Society of America}
}

@article{field2014uniform,
  title={Uniform California earthquake rupture forecast, version 3 (UCERF3)—The time-independent model},
  author={Field, Edward H and Arrowsmith, Ramon J and Biasi, Glenn P and Bird, Peter and Dawson, Timothy E and Felzer, Karen R and Jackson, David D and Johnson, Kaj M and Jordan, Thomas H and Madden, Christopher and others},
  journal={Bulletin of the Seismological Society of America},
  volume={104},
  number={3},
  pages={1122--1180},
  year={2014},
  publisher={Seismological Society of America}
}

@article{zechar2013regional,
  title={Regional earthquake likelihood models I: First-order results},
  author={Zechar, J Douglas and Schorlemmer, Danijel and Werner, Maximilian J and Gerstenberger, Matthew C and Rhoades, David A and Jordan, Thomas H},
  journal={Bulletin of the Seismological Society of America},
  volume={103},
  number={2A},
  pages={787--798},
  year={2013},
  publisher={Seismological Society of America}
}

@article{diebold2002comparing,
  title={Comparing predictive accuracy},
  author={Diebold, Francis X and Mariano, Robert S},
  journal={Journal of Business \& economic statistics},
  volume={20},
  number={1},
  pages={134--144},
  year={2002},
  publisher={Taylor \& Francis}
}

@article{ebel2007non,
  title={Non-Poissonian earthquake clustering and the hidden Markov model as bases for earthquake forecasting in California},
  author={Ebel, John E and Chambers, Daniel W and Kafka, Alan L and Baglivo, Jenny A},
  journal={Seismological Research Letters},
  volume={78},
  number={1},
  pages={57--65},
  year={2007},
  publisher={Seismological Society of America}
}

@article{holliday2007relm,
  title={A RELM earthquake forecast based on pattern informatics},
  author={Holliday, James R and Chen, Chien-chih and Tiampo, Kristy F and Rundle, John B and Turcotte, Donald L and Donnellan, Andrea},
  journal={Seismological Research Letters},
  volume={78},
  number={1},
  pages={87--93},
  year={2007},
  publisher={Seismological Society of America}
}

@article{helmstetter2007high,
  title={High-resolution time-independent grid-based forecast for M $\geq$ 5 earthquakes in California},
  author={Helmstetter, Agnes and Kagan, Yan Y and Jackson, David D},
  journal={Seismological Research Letters},
  volume={78},
  number={1},
  pages={78--86},
  year={2007},
  publisher={Seismological Society of America}
}

@article{bird2007seismic,
  title={Seismic hazard inferred from tectonics: California},
  author={Bird, Peter and Liu, Zhen},
  journal={Seismological Research Letters},
  volume={78},
  number={1},
  pages={37--48},
  year={2007},
  publisher={Seismological Society of America}
}

@article{marzocchi2014establishment,
  title={The establishment of an operational earthquake forecasting system in Italy},
  author={Marzocchi, Warner and Lombardi, Anna Maria and Casarotti, Emanuele},
  journal={Seismological Research Letters},
  volume={85},
  number={5},
  pages={961--969},
  year={2014},
  publisher={Seismological Society of America}
}

@article{iervolino2015operational,
  title={Operational (short-term) earthquake loss forecasting in Italy},
  author={Iervolino, Iunio and Chioccarelli, Eugenio and Giorgio, Massimiliano and Marzocchi, Warner and Zuccaro, Giulio and Dolce, Mauro and Manfredi, Gaetano},
  journal={Bulletin of the Seismological Society of America},
  volume={105},
  number={4},
  pages={2286--2298},
  year={2015},
  publisher={Seismological Society of America}
}

@article{kagan2007testable,
  title={A testable five-year forecast of moderate and large earthquakes in southern California based on smoothed seismicity},
  author={Kagan, Yan Y and Jackson, David D and Rong, Yufang},
  journal={Seismological Research Letters},
  volume={78},
  number={1},
  pages={94--98},
  year={2007},
  publisher={Seismological Society of America}
}

@article{shen2007implications,
  title={Implications of geodetic strain rate for future earthquakes, with a five-year forecast of M5 earthquakes in southern California},
  author={Shen, Zheng-Kang and Jackson, David D and Kagan, Yan Y},
  journal={Seismological Research Letters},
  volume={78},
  number={1},
  pages={116--120},
  year={2007},
  publisher={Seismological Society of America}
}

@article{ward2007methods,
  title={Methods for evaluating earthquake potential and likelihood in and around California},
  author={Ward, Steven N},
  journal={Seismological Research Letters},
  volume={78},
  number={1},
  pages={121--133},
  year={2007},
  publisher={Seismological Society of America}
}

@article{michael2018preface,
  title={Preface to the focus section on the Collaboratory for the Study of Earthquake Predictability (CSEP): New results and future directions},
  author={Michael, Andrew J and Werner, Maximilian J},
  journal={Seismological Research Letters},
  volume={89},
  number={4},
  pages={1226--1228},
  year={2018},
  publisher={GeoScienceWorld}
}

@incollection{gerstenberger2010new,
  title={New Zealand earthquake forecast testing centre},
  author={Gerstenberger, Matthew C and Rhoades, David A},
  booktitle={Seismogenesis and Earthquake Forecasting: The Frank Evison Volume II},
  pages={23--38},
  year={2010},
  publisher={Springer}
}

@article{zechar,
  title={Likelihood-based tests for evaluating space--rate--magnitude earthquake forecasts},
  author={Zechar, J Douglas and Gerstenberger, Matthew C and Rhoades, David A},
  journal={Bulletin of the Seismological Society of America},
  volume={100},
  number={3},
  pages={1184--1195},
  year={2010},
  publisher={Seismological Society of America}
}

@article{achievements,
  title={The Collaboratory for the Study of Earthquake Predictability: achievements and priorities},
  author={Schorlemmer, Danijel and Werner, Maximilian J and Marzocchi, Warner and Jordan, Thomas H and Ogata, Yosihiko and Jackson, David D and Mak, Sum and Rhoades, David A and Gerstenberger, Matthew C and Hirata, Naoshi and others},
  journal={Seismological Research Letters},
  volume={89},
  number={4},
  pages={1305--1313},
  year={2018},
  publisher={GeoScienceWorld}
}

@article{werner2011high,
  title={High-resolution long-term and short-term earthquake forecasts for California},
  author={Werner, Maximilian J and Helmstetter, Agn{\`e}s and Jackson, David D and Kagan, Yan Y},
  journal={Bulletin of the Seismological Society of America},
  volume={101},
  number={4},
  pages={1630--1648},
  year={2011},
  publisher={Seismological Society of America}
}

@article{marzocchi2012bayesian,
  title={Bayesian forecast evaluation and ensemble earthquake forecasting},
  author={Marzocchi, Warner and Zechar, J Douglas and Jordan, Thomas H},
  journal={Bulletin of the Seismological Society of America},
  volume={102},
  number={6},
  pages={2574--2584},
  year={2012},
  publisher={Seismological Society of America}
}

@article{schneider2014likelihood,
  title={Likelihood-and residual-based evaluation of medium-term earthquake forecast models for California},
  author={Schneider, Max and Clements, Robert and Rhoades, David and Schorlemmer, Danijel},
  journal={Geophysical Journal International},
  volume={198},
  number={3},
  pages={1307--1318},
  year={2014},
  publisher={Oxford University Press}
}
@incollection{zechar2010area,
  title={The area skill score statistic for evaluating earthquake predictability experiments},
  author={Zechar, J Douglas and Jordan, Thomas H},
  booktitle={Seismogenesis and Earthquake Forecasting: The Frank Evison Volume II},
  pages={39--52},
  year={2010},
  publisher={Springer}
}

@article{stark1997earthquake,
  title={Earthquake prediction: the null hypothesis},
  author={Stark, Philip B},
  journal={Geophysical Journal International},
  volume={131},
  number={3},
  pages={495--499},
  year={1997},
  publisher={Blackwell Publishing Ltd Oxford, UK}
}

@incollection{luen2008testing,
  title={Testing earthquake predictions},
  author={Luen, Brad and Stark, Philip B and others},
  booktitle={Probability and Statistics: Essays in Honor of David A. Freedman},
  pages={302--315},
  year={2008},
  publisher={Institute of Mathematical Statistics}
}

@article{marzocchi2011earthquake,
  title={Earthquake forecasting and earthquake prediction: different approaches for obtaining the best model},
  author={Marzocchi, Warner and Zechar, J Douglas},
  journal={Seismological Research Letters},
  volume={82},
  number={3},
  pages={442--448},
  year={2011},
  publisher={Seismological Society of America}
}

@article{ogata1988etas,
  title={Statistical models for earthquake occurrences and residual analysis for point processes},
  author={Ogata, Yosihiko},
  journal={Journal of the American Statistical association},
  volume={83},
  number={401},
  pages={9--27},
  year={1988},
  publisher={Taylor \& Francis}
}

@article{touati2011masking,
  title={Masking of earthquake triggering behavior by a high background rate and implications for epidemic-type aftershock sequence inversions},
  author={Touati, S and Naylor, M and Main, IG and Christie, M},
  journal={Journal of Geophysical Research: Solid Earth},
  volume={116},
  number={B3},
  year={2011},
  publisher={Wiley Online Library}
}

@article{touati2009origin,
  title={Origin and nonuniversality of the earthquake interevent time distribution},
  author={Touati, Sarah and Naylor, Mark and Main, Ian G},
  journal={Physical Review Letters},
  volume={102},
  number={16},
  pages={168501},
  year={2009},
  publisher={APS}
}

@article{hauksson2012waveform,
  title={Waveform relocated earthquake catalog for southern California (1981 to June 2011)},
  author={Hauksson, Egill and Yang, Wenzheng and Shearer, Peter M},
  journal={Bulletin of the Seismological Society of America},
  volume={102},
  number={5},
  pages={2239--2244},
  year={2012},
  publisher={Seismological Society of America}
}


@article{gutenberg1944frequency,
  title={Frequency of earthquakes in California},
  author={Gutenberg, Beno and Richter, Charles F},
  journal={Bulletin of the Seismological Society of America},
  volume={34},
  number={4},
  pages={185--188},
  year={1944},
  publisher={The Seismological Society of America}
}

@book{hastie2009elements,
  title={The elements of statistical learning: data mining, inference, and prediction},
  author={Hastie, Trevor and Tibshirani, Robert and Friedman, Jerome},
  year={2009},
  publisher={Springer Science \& Business Media}
}

@incollection{ogata1999seismicity,
  title={Seismicity analysis through point-process modeling: A review},
  author={Ogata, Yosihiko},
  booktitle={Seismicity patterns, their statistical significance and physical meaning},
  pages={471--507},
  year={1999},
  publisher={Springer}
}

@article{zechar2014,
  title={A parimutuel gambling perspective to compare probabilistic seismicity forecasts},
  author={Zechar, J Douglas and Zhuang, Jiancang},
  journal={Geophysical Journal International},
  volume={199},
  number={1},
  pages={60--68},
  year={2014},
  publisher={Oxford University Press}
}

@article{holliday2005earthquake,
  title={Earthquake forecasting and its verification},
  author={Holliday, James R and Nanjo, Kazuyoshi Z and Tiampo, Kristy F and Rundle, John B and Turcotte, Donald L},
  journal={arXiv preprint cond-mat/0508476},
  year={2005}
}

@article{savran2020pseudoprospective,
  title={Pseudoprospective Evaluation of UCERF3-ETAS Forecasts during the 2019 Ridgecrest Sequence},
  author={Savran, William H and Werner, Maximilian J and Marzocchi, Warner and Rhoades, David A and Jackson, David D and Milner, Kevin and Field, Edward and Michael, Andrew},
  journal={Bulletin of the Seismological Society of America},
  volume={110},
  number={4},
  pages={1799--1817},
  year={2020},
  publisher={Seismological Society of America}
}

@article{rhoades2011efficient,
  title={Efficient testing of earthquake forecasting models},
  author={Rhoades, David A and Schorlemmer, Danijel and Gerstenberger, Matthew C and Christophersen, Annemarie and Zechar, J Douglas and Imoto, Masajiro},
  journal={Acta Geophysica},
  volume={59},
  number={4},
  pages={728--747},
  year={2011},
  publisher={Springer}
}

@misc{jolliffe2003forecast,
  title={Forecast Verification. Chichester, England and Hoboken},
  author={Jolliffe, IT and Stephenson, DB},
  year={2003},
  publisher={NJ: John Wiley \& Sons Ltd}
}
@article{werner2008magnitude,
  title={Magnitude uncertainties impact seismic rate estimates, forecasts, and predictability experiments},
  author={Werner, Maximilian J and Sornette, Didier},
  journal={Journal of Geophysical Research: Solid Earth},
  volume={113},
  number={B8},
  year={2008},
  publisher={Wiley Online Library}
}

@Book{ggplot,
    author = {Hadley Wickham},
    title = {ggplot2: Elegant Graphics for Data Analysis},
    publisher = {Springer-Verlag New York},
    year = {2016},
    isbn = {978-3-319-24277-4},
    url = {https://ggplot2.tidyverse.org}
}
@article{zhuang2010,
  title={Gambling scores for earthquake predictions and forecasts},
  author={Zhuang, Jiancang},
  journal={Geophysical Journal International},
  volume={181},
  number={1},
  pages={382--390},
  year={2010},
  publisher={Blackwell Publishing Ltd Oxford, UK}
}

@article{werner2010adaptively,
  title={Adaptively smoothed seismicity earthquake forecasts for Italy},
  author={Werner, Maximilian J and Helmstetter, Agn{\`e}s and Jackson, David D and Kagan, Yan Y and Wiemer, Stefan},
  journal={arXiv preprint arXiv:1003.4374},
  year={2010}
}

@article{zechar2010risk,
  title={Risk and return: evaluating Reverse Tracing of Precursors earthquake predictions},
  author={Zechar, J Douglas and Zhuang, Jiancang},
  journal={Geophysical Journal International},
  volume={182},
  number={3},
  pages={1319--1326},
  year={2010},
  publisher={Blackwell Publishing Ltd Oxford, UK}
}


@article{taroni2014assessing,
  title={Assessing annual global M 6+ seismicity forecasts},
  author={Taroni, M and Zechar, JD and Marzocchi, W},
  journal={Geophysical Journal International},
  volume={196},
  number={1},
  pages={422--431},
  year={2014},
  publisher={Oxford University Press}
}

@article{zhuang2012scoring,
  title={Scoring annual earthquake predictions in China},
  author={Zhuang, Jiancang and Jiang, Changsheng},
  journal={Tectonophysics},
  volume={524},
  pages={155--164},
  year={2012},
  publisher={Elsevier}
}

@article{south2017rnaturalearth,
  title={Rnaturalearth: world map data from natural earth},
  author={South, Andy},
  journal={R package version 0.1. 0},
  year={2017}
}

@article{ross2016bayesian,
  title={Bayesian estimation of the ETAS model for earthquake occurrences},
  author={Ross, GJ},
  journal={Preprint},
  year={2016}
}

@article{kossobokov2006testing,
  title={Testing earthquake prediction methods: The West Pacific short-term forecast of earthquakes with magnitude MwHR $\geq$ 5.8},
  author={{Kossobokov}},
  journal={Tectonophysics},
  volume={413},
  number={1-2},
  pages={25--31},
  year={2006},
  publisher={Elsevier}
}

@article{kossobokov2004earthquake,
  title={Earthquake prediction: basics, achievements, perspectives},
  author={Kossobokov},
  journal={Acta Geodaetica et Geophysica Hungarica},
  volume={39},
  number={2-3},
  pages={205--221},
  year={2004},
  publisher={Akad{\'e}miai Kiad{\'o}}
}

@article{gneiting2007strictly,
  title={Strictly proper scoring rules, prediction, and estimation},
  author={Gneiting, Tilmann and Raftery, Adrian E},
  journal={Journal of the American statistical Association},
  volume={102},
  number={477},
  pages={359--378},
  year={2007},
  publisher={Taylor \& Francis}
}

@incollection{huber1992robust,
  title={Robust estimation of a location parameter},
  author={Huber, Peter J},
  booktitle={Breakthroughs in statistics},
  pages={492--518},
  year={1992},
  publisher={Springer}
}

@article{brier1950verification,
  title={Verification of forecasts expressed in terms of probability},
  author={Brier, Glenn W},
  journal={Monthly weather review},
  volume={78},
  number={1},
  pages={1--3},
  year={1950}
}

@article{dawid2013estimation,
  title={Estimation of spatial processes using local scoring rules},
  author={Dawid, A Philip and Musio, Monica},
  journal={AStA Advances in Statistical Analysis},
  volume={97},
  number={2},
  pages={173--179},
  year={2013},
  publisher={Springer}
}

@article{rhoades2016retrospective,
  title={Retrospective tests of hybrid operational earthquake forecasting models for Canterbury},
  author={Rhoades, DA and Liukis, M and Christophersen, A and Gerstenberger, MC},
  journal={Geophysical Journal International},
  volume={204},
  number={1},
  pages={440--456},
  year={2016},
  publisher={Oxford University Press}
}

@article{goodj,
  title={Rational decisions},
  author={Good, I. J.},
  year = {1952},
  journal={Journal of the Royal Statistical Society, Ser. B},
  pages={107--114}
}

@article{zechar2008testing,
  title={Testing alarm-based earthquake predictions},
  author={Zechar, J Douglas and Jordan, Thomas H},
  journal={Geophysical Journal International},
  volume={172},
  number={2},
  pages={715--724},
  year={2008},
  publisher={Blackwell Publishing Ltd Oxford, UK}
}

@article{gerstenberger2014seismic,
  title={Seismic hazard modeling for the recovery of Christchurch},
  author={Gerstenberger, Matthew and McVerry, Graeme and Rhoades, David and Stirling, Mark},
  journal={Earthquake Spectra},
  volume={30},
  number={1},
  pages={17--29},
  year={2014},
  publisher={Earthquake Engineering Research Institute}
}

@article{stein2012,
  title={Why earthquake hazard maps often fail and what to do about it},
  author={Stein, Seth and Geller, Robert J and Liu, Mian},
  journal={Tectonophysics},
  volume={562},
  pages={1--25},
  year={2012},
  publisher={Elsevier}
}

@article{stein2005sumatra,
  title={Speed and size of the Sumatra earthquake},
  author={Stein, Seth and Okal, Emile A},
  journal={Nature},
  volume={434},
  number={7033},
  pages={581--582},
  year={2005},
  publisher={Nature Publishing Group}
}

@article{kagan1997pred,
  title={Are earthquakes predictable?},
  author={Kagan, Yan Y},
  journal={Geophysical Journal International},
  volume={131},
  number={3},
  pages={505--525},
  year={1997},
  publisher={Blackwell Publishing Ltd Oxford, UK}
}

@article{zechar2010csep,
  title={The Collaboratory for the Study of Earthquake Predictability perspective on computational earthquake science},
  author={Zechar, J Douglas and Schorlemmer, Danijel and Liukis, Maria and Yu, John and Euchner, Fabian and Maechling, Philip J and Jordan, Thomas H},
  journal={Concurrency and Computation: Practice and Experience},
  volume={22},
  number={12},
  pages={1836--1847},
  year={2010},
  publisher={Wiley Online Library}
}

@article{jordan2006brick,
  title={Earthquake predictability, brick by brick},
  author={Jordan, Thomas H},
  journal={Seismological Research Letters},
  volume={77},
  number={1},
  pages={3--6},
  year={2006},
  publisher={Seismological Society of America}
}


@article{geller1997critical,
  title={Earthquake prediction: a critical review},
  author={Geller, Robert J},
  journal={Geophysical Journal International},
  volume={131},
  number={3},
  pages={425--450},
  year={1997},
  publisher={Blackwell Publishing Ltd Oxford, UK}
}

@article{stein2011tohoku,
  title={The size of the 2011 Tohoku earthquake need not have been a surprise},
  author={Stein, Seth and Okal, Emile A},
  journal={Eos, Transactions American Geophysical Union},
  volume={92},
  number={27},
  pages={227--228},
  year={2011},
  publisher={Wiley Online Library}
}

@article{geller2011shake,
  title={Shake-up time for Japanese seismology},
  author={Geller, Robert J},
  journal={Nature},
  volume={472},
  number={7344},
  pages={407--409},
  year={2011},
  publisher={Nature Publishing Group}
}

@article{kagan2013tohoku,
  title={Tohoku earthquake: A surprise?},
  author={Kagan, Yan Y and Jackson, David D},
  journal={Bulletin of the Seismological Society of America},
  volume={103},
  number={2B},
  pages={1181--1194},
  year={2013},
  publisher={Seismological Society of America}
}

@article{mulargia2017prob,
  title={Why is probabilistic seismic hazard analysis (PSHA) still used?},
  author={Mulargia, Francesco and Stark, Philip B and Geller, Robert J},
  journal={Physics of the Earth and Planetary Interiors},
  volume={264},
  pages={63--75},
  year={2017},
  publisher={Elsevier}
}

@article{marzocchi2017unified,
  title={A unified probabilistic framework for seismic hazard analysis},
  author={Marzocchi, Warner and Jordan, Thomas H},
  journal={Bulletin of the Seismological Society of America},
  volume={107},
  number={6},
  pages={2738--2744},
  year={2017},
  publisher={Seismological Society of America}
}

@article{marzocchi2009real,
  title={Real-time forecasting following a damaging earthquake},
  author={Marzocchi, Warner and Lombardi, Anna Maria},
  journal={Geophysical Research Letters},
  volume={36},
  number={21},
  year={2009},
  publisher={Wiley Online Library}
}

@article{bourne2018exponential,
  title={The exponential rise of induced seismicity with increasing stress levels in the Groningen gas field and its implications for controlling seismic risk},
  author={Bourne, SJ and Oates, SJ and Van Elk, J},
  journal={Geophysical Journal International},
  volume={213},
  number={3},
  pages={1693--1700},
  year={2018},
  publisher={Oxford University Press}
}

@article{clopper1934use,
  title={The use of confidence or fiducial limits illustrated in the case of the binomial},
  author={Clopper, Charles J and Pearson, Egon S},
  journal={Biometrika},
  volume={26},
  number={4},
  pages={404--413},
  year={1934},
  publisher={JSTOR}
}

@article{schorlemmer2007relm,
  title={RELM testing center},
  author={Schorlemmer, Danijel and Gerstenberger, MC},
  journal={Seismological Research Letters},
  volume={78},
  number={1},
  pages={30--36},
  year={2007},
  publisher={Seismological Society of America}
}

@article{field2007overview,
  title={Overview of the working group for the development of regional earthquake likelihood models (RELM)},
  author={Field, Edward H},
  journal={Seismological Research Letters},
  volume={78},
  number={1},
  pages={7--16},
  year={2007},
  publisher={Seismological Society of America}
}

@article{wallis2013binomial,
  title={Binomial confidence intervals and contingency tests: mathematical fundamentals and the evaluation of alternative methods},
  author={Wallis, Sean},
  journal={Journal of Quantitative Linguistics},
  volume={20},
  number={3},
  pages={178--208},
  year={2013},
  publisher={Taylor \& Francis}
}

@article{murphy1993good,
  title={What is a good forecast? An essay on the nature of goodness in weather forecasting},
  author={Murphy, Allan H},
  journal={Weather and forecasting},
  volume={8},
  number={2},
  pages={281--293},
  year={1993}
}

@article{taroni2018prospective,
  title={Prospective CSEP Evaluation of 1-Day, 3-Month, and 5-Yr Earthquake Forecasts for Italy},
  author={Taroni, Matteo and Marzocchi, Warner and Schorlemmer, Danijel and Werner, Maximilian Jonas and Wiemer, Stefan and Zechar, Jeremy Douglas and Heiniger, Lukas and Euchner, Fabian},
  journal={Seismological Research Letters},
  volume={89},
  number={4},
  pages={1251--1261},
  year={2018},
  publisher={Seismological Society of America}
}

@book{schervish2012,
  title={Theory of statistics},
  author={Schervish, Mark J},
  year={2012},
  publisher={Springer Science \& Business Media}
}

@article{fisher1922,
  title={On the mathematical foundations of theoretical statistics},
  author={Fisher, Ronald A},
  journal={Philosophical Transactions of the Royal Society of London. Series A, Containing Papers of a Mathematical or Physical Character},
  volume={222},
  number={594-604},
  pages={309--368},
  year={1922},
  publisher={The Royal Society London}
}

@article{jordan2010operational,
  title={Operational earthquake forecasting: Some thoughts on why and how},
  author={Jordan, Thomas H and Jones, Lucile M},
  journal={Seismological Research Letters},
  volume={81},
  number={4},
  pages={571--574},
  year={2010},
  publisher={Seismological Society of America}
}

@article{marzocchi2013seismic,
  title={Seismic hazard and public safety},
  author={Marzocchi, Warner},
  journal={Eos, Transactions American Geophysical Union},
  volume={94},
  number={27},
  pages={240--241},
  year={2013},
  publisher={Wiley Online Library}
}
@article{dawid1984present,
  title={Present position and potential developments: Some personal views statistical theory the prequential approach},
  author={Dawid, A Philip},
  journal={Journal of the Royal Statistical Society: Series A (General)},
  volume={147},
  number={2},
  pages={278--290},
  year={1984},
  publisher={Wiley Online Library}
}

@article{cornell1968engineering,
  title={Engineering seismic risk analysis},
  author={Cornell, C Allin},
  journal={Bulletin of the seismological society of America},
  volume={58},
  number={5},
  pages={1583--1606},
  year={1968},
  publisher={The Seismological Society of America}
}
